<?xml version="1.0" encoding="UTF-8"?><record xmlns="http://www.loc.gov/MARC21/slim" xmlns:cinclude="http://apache.org/cocoon/include/1.0" xmlns:zs="http://www.loc.gov/zing/srw/">
  <leader>01043cz  a2200133n  4500</leader>
  <controlfield tag="001">n  85175211 </controlfield>
  <controlfield tag="003">DLC</controlfield>
  <controlfield tag="005">20090318080120.0</controlfield>
  <controlfield tag="008">850906n| acannaabn          |n anc      </controlfield>
  <datafield tag="010" ind1=" " ind2=" ">
    <subfield code="a">n  85175211 </subfield>
  </datafield>
  <datafield tag="035" ind1=" " ind2=" ">
    <subfield code="a">(OCoLC)oca01399163</subfield>
  </datafield>
  <datafield tag="040" ind1=" " ind2=" ">
    <subfield code="a">DLC</subfield>
    <subfield code="b">eng</subfield>
    <subfield code="c">DLC</subfield>
    <subfield code="d">DLC</subfield>
    <subfield code="d">OCoLC</subfield>
  </datafield>
  <datafield tag="110" ind1="2" ind2=" ">
    <subfield code="a">Koordinat︠s︡ionnyĭ t︠s︡entr stran-chlenov SĖV po probleme "Izuchenie khimicheskikh, fizicheskikh, biologicheskikh i drugikh prot︠s︡essov vazhneĭshikh raĭonov Mirovogo okeana i razrabotka sovremennykh tekhnicheskikh sredstv dli︠a︡ ėffektivnogo issledovanii︠a︡ i osvoenii︠a︡ ego resursov"</subfield>
  </datafield>
  <datafield tag="670" ind1=" " ind2=" ">
    <subfield code="a">Metodicheskie ukazanii︠a︡ po khimicheskomu analizu morskikh vod dli︠a︡ stran-chlenov SĖV, 1977:</subfield>
    <subfield code="b">t.p. (Koordinat︠s︡ionnyĭ t︠s︡entr stran-chlenov SĖV po probleme "Izuchenie khimicheskikh, fizicheskikh, biologicheskikh i drugikh prot︠s︡essov vazhneĭshikh raĭonov Mirovogo okeana i razrabotka sovremennykh tekhnicheskikh sredstv dli︠a︡ ėffektivnogo issledovanii︠a︡ i osvoenii︠a︡ ego resursov")</subfield>
  </datafield>
</record>